 @misc{aaronson_2018, title={Introduction to Quantum Information Science Lecture Notes}, url={https://www.scottaaronson.com/qclec.pdf}, journal={scottaaronson.com}, author={Aaronson, Scott}, year={2018}} 

 @article{henriksen2019adaoja,
  title={Adaoja: Adaptive learning rates for streaming pca},
  author={Henriksen, Amelia and Ward, Rachel},
  journal={arXiv preprint arXiv:1905.12115},
  year={2019}
}

@article{liu2020toward,
  title={Toward a theory of optimization for over-parameterized systems of non-linear equations: the lessons of deep learning},
  author={Liu, Chaoyue and Zhu, Libin and Belkin, Mikhail},
  journal={arXiv preprint arXiv:2003.00307},
  year={2020}
}